<?xml version="1.0" encoding="UTF-8"?><collection xmlns="http://www.loc.gov/MARC21/slim"><record><leader>00355nam--2200121-i-4500</leader><controlfield tag="001">000046434</controlfield><controlfield tag="002">20161230</controlfield><controlfield tag="005">20161230201046</controlfield><controlfield tag="008">060222s1000------------r-----000-0-eng-d</controlfield><datafield ind1=" " ind2=" " tag="080"><subfield code="a">631.3</subfield></datafield><datafield ind1=" " ind2=" " tag="245"><subfield code="a">Utilajele folosite la repararea tractoarelor si masinilor agricole. indrumator. trad.din l.rusa</subfield></datafield><datafield ind1=" " ind2=" " tag="260"><subfield code="a">Bucuresti, Ed.Tehnica, 1955, 381p</subfield></datafield><datafield ind1=" " ind2=" " tag="852"><subfield code="a">26276</subfield></datafield></record></collection>